<collection xmlns="http://www.loc.gov/MARC21/slim">
<record>
  <leader>00460nam0a22001331i 450 </leader>
  <controlfield tag="001">IT\ICCU\CNCE\065135</controlfield>
  <controlfield tag="005">20060728000000.0</controlfield>
  <datafield tag="100" ind1=" " ind2=" ">
    <subfield code="a">20060719d1589        0itac0103    ba</subfield>
  </datafield>
  <datafield tag="101" ind1=" " ind2=" ">
    <subfield code="a">LAT</subfield>
  </datafield>
  <datafield tag="102" ind1=" " ind2=" ">
    <subfield code="a">IT</subfield>
  </datafield>
  <datafield tag="200" ind1="1" ind2=" ">
    <subfield code="a">Aureum sacrae theologiae rosarium : iuxta IIII Sententiarum Libros quadripartitum : Ex doctrina Doctoris subtilis, D. Thomi, D. Bonauent. aliorumq: sacrorumdoctorum</subfield>
  </datafield>
  <datafield tag="210" ind1=" " ind2=" ">
    <subfield code="d">1589</subfield>
  </datafield>
  <datafield tag="300" ind1=" " ind2=" ">
    <subfield code="a">ANNULLATA !!!!!  vedi 35949</subfield>
  </datafield>
  <datafield tag="801" ind1=" " ind2="3">
    <subfield code="a">IT</subfield>
    <subfield code="b">ICCU</subfield>
    <subfield code="c">20201115</subfield>
  </datafield>
</record>
</collection>
